@Book{xie2015,
  title = {Dynamic Documents with {R} and knitr},
  author = {Yihui Xie},
  publisher = {Chapman and Hall/CRC},
  address = {Boca Raton, Florida},
  year = {2015},
  edition = {2nd},
  note = {ISBN 978-1498716963},
  url = {http://yihui.name/knitr/},
}
@Book{Bannari2009,
  title = {A review of vegetation indices. Remote Sensing Reviews, 13(1–2), 95–120},
  author = {Bannari, Morin, Bonn & Huete},
  year = {2009},
  url = {https://doi.org/10.1080/02757259509532298},
}
@Book{Xue2017,
  title = {Significant remote sensing vegetation indices: A review of developments and applications. Journal of Sensors},
  author = {Xue, Su},
  year = {2017},
  url = {https://doi.org/10.1155/2017/1353691},
}
@Book{Roy2016,
  title = {Characterization of Landsat-7 to Landsat-8 reflective wavelength and normalized difference vegetation index continuity. Remote Sensing of Environment, 185, 57–70},
  author = {Roy, Kovalskyy, et al},
  year = {2016},
  url = { https://doi.org/10.1016/J.RSE.2015.12.024},
}
@Book{Claverie2018,
  title = {The Harmonized Landsat and Sentinel-2 surface reflectance data set. Remote Sensing of Environment, 219, 145–161},
  author = {Claverie, Ju, et al},
  year = {2018},
  url = { https://doi.org/10.1016/J.RSE.2018.09.002},
}
